<record xmlns="http://www.loc.gov/MARC21/slim" xmlns:xsi="http://www.w3.org/2001/XMLSchema-instance" xsi:schemaLocation="http://www.loc.gov/MARC21/slim http://www.loc.gov/standards/marcxml/schema/MARC21slim.xsd"><leader>     nam a22        4500</leader><controlfield tag="001">001627212</controlfield><controlfield tag="003">NNU</controlfield><controlfield tag="006">m        d        </controlfield><controlfield tag="007">cr cn |||m|||a</controlfield><controlfield tag="008">150313s1935    iq abc  ob    001 0 ara d</controlfield><datafield ind1=" " ind2=" " tag="040"><subfield code="a">NNU</subfield><subfield code="b">eng</subfield><subfield code="c">NNU</subfield></datafield><datafield ind1=" " ind2="4" tag="050"><subfield code="a">BL1595</subfield><subfield code="b">.A99 1935</subfield></datafield><datafield ind1=" " ind2=" " tag="066"><subfield code="c">(3</subfield></datafield><datafield ind1=" " ind2=" " tag="090"><subfield code="a">BL1595</subfield><subfield code="b">.A99 1935</subfield></datafield><datafield ind1="1" ind2=" " tag="100"><subfield code="6">880-01</subfield><subfield code="a">&#699;Azz&#257;w&#299;, &#699;Abb&#257;s</subfield></datafield><datafield ind1="1" ind2="0" tag="245"><subfield code="6">880-02</subfield><subfield code="a">T&#257;r&#299;kh al-Yaz&#299;d&#299;yah wa-a&#7779;l &#699;aq&#299;datihim</subfield><subfield code="h">[electronic resource] /</subfield><subfield code="c">bi-qalam &#699;Abb&#257;s al-&#699;Azz&#257;w&#299;.</subfield></datafield><datafield ind1="1" ind2="5" tag="246"><subfield code="a">Histoire des Yezidis</subfield></datafield><datafield ind1=" " ind2=" " tag="260"><subfield code="6">880-03</subfield><subfield code="a">Baghdad :</subfield><subfield code="b">yu&#7789;lubu min Maktab&#257;t al-&#699;&#256;&#7779;imah,</subfield><subfield code="c">1935</subfield><subfield code="e">(Baghd&#257;d :</subfield><subfield code="f">Ma&#7789;ba&#699;at Baghd&#257;d)</subfield></datafield><datafield ind1=" " ind2=" " tag="300"><subfield code="a">online resource (228 p.) :</subfield><subfield code="b">ill., ports., maps</subfield></datafield><datafield ind1=" " ind2=" " tag="500"><subfield code="a">Part of the Arabic Collections Online (ACO) project, contributed by New York Univeristy Libraries.</subfield></datafield><datafield ind1=" " ind2=" " tag="504"><subfield code="a">Includes bibliographical references and indexes.</subfield></datafield><datafield ind1=" " ind2=" " tag="533"><subfield code="a">Electronic reproduction.</subfield><subfield code="b">New York, N.Y. :</subfield><subfield code="c">New York University,</subfield><subfield code="d">2015.</subfield><subfield code="5">NNU</subfield></datafield><datafield ind1=" " ind2="0" tag="650"><subfield code="a">Yezidis.</subfield></datafield><datafield ind1="2" ind2=" " tag="710"><subfield code="a">New York University.</subfield><subfield code="b">Libraries.</subfield></datafield><datafield ind1="0" ind2=" " tag="730"><subfield code="a">Arabic Collections Online.</subfield></datafield><datafield ind1="0" ind2="8" tag="776"><subfield code="i">Print version:</subfield><subfield code="a">&#699;Azz&#257;w&#299;, &#699;Abb&#257;s 880-01</subfield><subfield code="t">T&#257;r&#299;kh al-Yaz&#299;d&#299;yah wa-a&#7779;l &#699;aq&#299;datihim</subfield><subfield code="w">(NNU)001627212</subfield></datafield><datafield ind1="4" ind2="0" tag="856"><subfield code="u">http://hdl.handle.net/2333.1/prr4xkcv</subfield></datafield><datafield ind1="1" ind2=" " tag="880"><subfield code="6">100-01/</subfield><subfield code="a">&#1593;&#1586;&#1575;&#1608;&#1610;&#1548; &#1593;&#1576;&#1575;&#1587;.</subfield></datafield><datafield ind1="1" ind2="0" tag="880"><subfield code="6">245-02/</subfield><subfield code="a">&#1578;&#1575;&#1585;&#1610;&#1582; &#1575;&#1604;&#1610;&#1586;&#1610;&#1583;&#1610;&#1577; &#1608;&#1575;&#1589;&#1604; &#1593;&#1602;&#1610;&#1583;&#1578;&#1607;&#1605; /</subfield><subfield code="c">&#1576;&#1602;&#1604;&#1605; &#1593;&#1576;&#1575;&#1587; &#1575;&#1604;&#1593;&#1586;&#1575;&#1608;&#1610;.</subfield></datafield><datafield ind1=" " ind2=" " tag="880"><subfield code="6">260-03/</subfield><subfield code="a">&#1576;&#1594;&#1583;&#1575;&#1583; :</subfield><subfield code="b">&#1610;&#1591;&#1604;&#1576; &#1605;&#1606; &#1605;&#1603;&#1578;&#1576;&#1575;&#1578; &#1575;&#1604;&#1593;&#1575;&#1589;&#1605;&#1577;&#1548;</subfield><subfield code="c">&#1633;&#1641;&#1635;&#1637;</subfield><subfield code="e">(&#1576;&#1594;&#1583;&#1575;&#1583; :</subfield><subfield code="f">&#1605;&#1585;&#1576;&#1593;&#1577; &#1576;&#1594;&#1583;&#1575;&#1583;)</subfield></datafield><datafield ind1=" " ind2=" " tag="959"><subfield code="a">NNU</subfield><subfield code="b">WEB</subfield><subfield code="c">GENI</subfield><subfield code="t">0</subfield><subfield code="m">Electronic access</subfield><subfield code="s">01</subfield></datafield><datafield ind1=" " ind2=" " tag="999"><subfield code="i">NNU_001627212</subfield><subfield code="s">nyu_aco000612</subfield><subfield code="e">(ERROR-880)</subfield></datafield></record>